<?xml version="1.0" encoding="UTF-8"?><collection xmlns="http://www.loc.gov/MARC21/slim"><record><leader>00564nam--2200205-u-4500</leader><controlfield tag="001">000052845</controlfield><controlfield tag="002">20161230</controlfield><controlfield tag="005">20161230201050</controlfield><controlfield tag="008">101123s1000------------r-----000-0-rus-d</controlfield><datafield ind1=" " ind2=" " tag="040"><subfield code="a">IFIN-HH</subfield></datafield><datafield ind1=" " ind2=" " tag="041"><subfield code="a">rus</subfield></datafield><datafield ind1=" " ind2=" " tag="080"><subfield code="a">535.8:621.375.826</subfield></datafield><datafield ind1="1" ind2=" " tag="100"><subfield code="a">Gerrard, A</subfield></datafield><datafield ind1="1" ind2="0" tag="245"><subfield code="a">Vvedenie v matricinuio optiku</subfield><subfield code="c">A. gerrard; j.m. burch</subfield></datafield><datafield ind1=" " ind2=" " tag="260"><subfield code="a">Moskva</subfield><subfield code="b">Mir</subfield><subfield code="c">1978</subfield></datafield><datafield ind1=" " ind2=" " tag="300"><subfield code="a">341P</subfield></datafield><datafield ind1=" " ind2=" " tag="500"><subfield code="a">Titlul original in limba engelza: INTRODUCTION RO MATTRIX METHODS IN OPTICS</subfield></datafield><datafield ind1="1" ind2=" " tag="700"><subfield code="a">Burch, J. M</subfield></datafield><datafield ind1=" " ind2=" " tag="852"><subfield code="a">46742</subfield><subfield code="c">535</subfield></datafield><datafield ind1=" " ind2=" " tag="CAT"><subfield code="a">Sys</subfield><subfield code="c">20101123</subfield><subfield code="h">120635</subfield></datafield></record></collection>